<collection xmlns="http://www.loc.gov/MARC21/slim">
<record>
  <leader>01380nam0a22003011i 450 </leader>
  <controlfield tag="001">IT\ICCU\CNCE\030987</controlfield>
  <controlfield tag="005">20070822000000.0</controlfield>
  <datafield tag="012" ind1=" " ind2=" ">
    <subfield code="a">modi e-na r-na &amp;nsi (C) 1568 (R)</subfield>
    <subfield code="2">fei</subfield>
  </datafield>
  <datafield tag="100" ind1=" " ind2=" ">
    <subfield code="a">19971201d1568        0itac0103    ba</subfield>
  </datafield>
  <datafield tag="101" ind1=" " ind2=" ">
    <subfield code="a">ITA</subfield>
  </datafield>
  <datafield tag="102" ind1=" " ind2=" ">
    <subfield code="a">IT</subfield>
  </datafield>
  <datafield tag="200" ind1="1" ind2=" ">
    <subfield code="a">Ragionamento sopra le pompe della citt ̉di Bologna: nel quale si discorre sopra le perle, i banchetti, et corsi pubblici, che s</subfield>
  </datafield>
  <datafield tag="210" ind1=" " ind2=" ">
    <subfield code="a">In Bologna</subfield>
    <subfield code="c">nella stamperia di Mercurio</subfield>
    <subfield code="d">1568</subfield>
  </datafield>
  <datafield tag="215" ind1=" " ind2=" ">
    <subfield code="a">\12! c.</subfield>
    <subfield code="d">4ʻ</subfield>
  </datafield>
  <datafield tag="620" ind1=" " ind2=" ">
    <subfield code="a">IT</subfield>
    <subfield code="d">Bologna</subfield>
  </datafield>
  <datafield tag="712" ind1="0" ind2="0">
    <subfield code="a">Rossi, Giovanni</subfield>
    <subfield code="3">IT\ICCU\CNCT\000046</subfield>
    <subfield code="4">650</subfield>
  </datafield>
  <datafield tag="791" ind1="0" ind2="0">
    <subfield code="a">Rubeus, Ioannes</subfield>
    <subfield code="c"> &lt;1556-1595&gt;</subfield>
    <subfield code="3">IT\ICCU\CNCT\002305</subfield>
    <subfield code="z">Rossi, Giovanni</subfield>
  </datafield>
  <datafield tag="791" ind1="0" ind2="2">
    <subfield code="a">Officina Mercuriana</subfield>
    <subfield code="3">IT\ICCU\CNCT\002306</subfield>
    <subfield code="z">Rossi, Giovanni</subfield>
  </datafield>
  <datafield tag="791" ind1="0" ind2="2">
    <subfield code="a">℗al segno del ℗Mercurio</subfield>
    <subfield code="3">IT\ICCU\CNCT\002635</subfield>
    <subfield code="z">Rossi, Giovanni</subfield>
  </datafield>
  <datafield tag="791" ind1="0" ind2="0">
    <subfield code="a">Rossius, Ioannes</subfield>
    <subfield code="3">IT\ICCU\CNCT\005402</subfield>
    <subfield code="z">Rossi, Giovanni</subfield>
  </datafield>
  <datafield tag="791" ind1="0" ind2="0">
    <subfield code="a">Rubrius, Ioannes</subfield>
    <subfield code="3">IT\ICCU\CNCT\005403</subfield>
    <subfield code="z">Rossi, Giovanni</subfield>
  </datafield>
  <datafield tag="791" ind1="0" ind2="0">
    <subfield code="a">Roscius, Ioannes</subfield>
    <subfield code="3">IT\ICCU\CNCT\005404</subfield>
    <subfield code="z">Rossi, Giovanni</subfield>
  </datafield>
  <datafield tag="791" ind1="0" ind2="0">
    <subfield code="a">Rubeis, Ioannes de</subfield>
    <subfield code="3">IT\ICCU\CNCT\005405</subfield>
    <subfield code="z">Rossi, Giovanni</subfield>
  </datafield>
  <datafield tag="801" ind1=" " ind2="3">
    <subfield code="a">IT</subfield>
    <subfield code="b">ICCU</subfield>
    <subfield code="c">20201114</subfield>
  </datafield>
  <datafield tag="899" ind1=" " ind2=" ">
    <subfield code="a">Biblioteca Durazzo. Genova</subfield>
    <subfield code="1">GE0047</subfield>
    <subfield code="2">ZGE 24</subfield>
  </datafield>
  <datafield tag="899" ind1=" " ind2=" ">
    <subfield code="a">Biblioteca statale. Lucca</subfield>
    <subfield code="1">LU0022</subfield>
    <subfield code="2">LUA BL</subfield>
  </datafield>
  <datafield tag="899" ind1=" " ind2=" ">
    <subfield code="a">Biblioteca Ambrosiana. Milano</subfield>
    <subfield code="1">MI0133</subfield>
    <subfield code="2">VBA 01</subfield>
  </datafield>
  <datafield tag="899" ind1=" " ind2=" ">
    <subfield code="a">Biblioteca comunale Augusta. Perugia</subfield>
    <subfield code="1">PG0109</subfield>
    <subfield code="2">UM1 01</subfield>
  </datafield>
</record>
</collection>
